<record><leader>00000cas a22000007a 4500</leader><controlfield tag="001">13620891</controlfield><controlfield tag="008">860522d185618uutnuwr ne      0    0eng d</controlfield><datafield ind1=" " ind2=" " tag="010"><subfield code="a">sn 86053411 </subfield></datafield><datafield ind1=" " ind2=" " tag="040"><subfield code="a">NPX</subfield><subfield code="b">eng</subfield><subfield code="c">NPX</subfield><subfield code="d">TGN</subfield><subfield code="d">OCL</subfield><subfield code="d">OCLCQ</subfield><subfield code="d">OCLCF</subfield><subfield code="d">OCLCO</subfield></datafield><datafield ind1=" " ind2=" " tag="042"><subfield code="a">msc</subfield></datafield><datafield ind1=" " ind2=" " tag="043"><subfield code="a">n-us-tn</subfield></datafield><datafield ind1="0" ind2=" " tag="130"><subfield code="a">American statesman (Dandridge, Tenn.)</subfield></datafield><datafield ind1="1" ind2="4" tag="245"><subfield code="a">The American statesman.</subfield></datafield><datafield ind1=" " ind2=" " tag="260"><subfield code="a">Dandridge, Tenn. :</subfield><subfield code="b">F.M. Wylie &amp; C.M. Knott</subfield></datafield><datafield ind1=" " ind2=" " tag="300"><subfield code="a">v.</subfield></datafield><datafield ind1=" " ind2=" " tag="310"><subfield code="a">Weekly</subfield></datafield><datafield ind1="1" ind2=" " tag="362"><subfield code="a">Began with Nov. 13, 1856 issue.</subfield><subfield code="z">Cf. NIM.</subfield></datafield><datafield ind1=" " ind2=" " tag="500"><subfield code="a">Publishers: F.M. Wylie &amp; C.M. Knott, &lt;1856&gt;; F.M. Wylie &amp; H.C. Craig, &lt;1857&gt;.</subfield></datafield><datafield ind1=" " ind2=" " tag="588"><subfield code="a">Description based on: Vol. 1, no. 7 (Dec. 25, 1856).</subfield></datafield><datafield ind1=" " ind2="0" tag="651"><subfield code="a">Dandridge (Tenn.)</subfield><subfield code="v">Newspapers.</subfield></datafield><datafield ind1=" " ind2="0" tag="651"><subfield code="a">Jefferson County (Tenn.)</subfield><subfield code="v">Newspapers.</subfield></datafield><datafield ind1=" " ind2="7" tag="655"><subfield code="a">Newspapers.</subfield><subfield code="2">fast</subfield><subfield code="0">(OCoLC)fst01423814</subfield></datafield><datafield ind1=" " ind2="7" tag="651"><subfield code="a">Tennessee</subfield><subfield code="z">Dandridge.</subfield><subfield code="2">fast</subfield><subfield code="0">(OCoLC)fst01220866</subfield></datafield><datafield ind1=" " ind2="7" tag="651"><subfield code="a">Tennessee</subfield><subfield code="z">Jefferson County.</subfield><subfield code="2">fast</subfield><subfield code="0">(OCoLC)fst01219228</subfield></datafield><datafield ind1=" " ind2=" " tag="752"><subfield code="a">United States</subfield><subfield code="b">Tennessee</subfield><subfield code="c">Jefferson</subfield><subfield code="d">Dandridge.</subfield></datafield></record>